<record><leader>00000cas a22000007a 4500</leader><controlfield tag="001">15112494</controlfield><controlfield tag="008">870126d18781889inuwr ne      0    0eng d</controlfield><datafield ind1=" " ind2=" " tag="010"><subfield code="a">sn 87055107 </subfield></datafield><datafield ind1=" " ind2=" " tag="040"><subfield code="a">NPI</subfield><subfield code="b">eng</subfield><subfield code="c">NPI</subfield><subfield code="d">OCLCQ</subfield></datafield><datafield ind1=" " ind2=" " tag="042"><subfield code="a">msc</subfield></datafield><datafield ind1="0" ind2=" " tag="130"><subfield code="a">Rochester Republican (Rochester, Ind. : 1878)</subfield></datafield><datafield ind1="1" ind2="0" tag="245"><subfield code="a">Rochester Republican.</subfield></datafield><datafield ind1=" " ind2=" " tag="260"><subfield code="a">Rochester, Ind. :</subfield><subfield code="b">W.H. Mattingly &amp; Co.,</subfield><subfield code="c">1878-1889.</subfield></datafield><datafield ind1=" " ind2=" " tag="310"><subfield code="a">Weekly</subfield></datafield><datafield ind1="0" ind2=" " tag="362"><subfield code="a">Vol. 1, no. 30 (July 6, 1878)-v. 32, no. 2 (Jan. 31, 1889).</subfield></datafield><datafield ind1=" " ind2=" " tag="580"><subfield code="a">Also published in daily editions called: Rochester daily Republican.</subfield></datafield><datafield ind1=" " ind2=" " tag="752"><subfield code="a">United States</subfield><subfield code="b">Indiana</subfield><subfield code="c">Fulton</subfield><subfield code="d">Rochester.</subfield></datafield><datafield ind1="1" ind2=" " tag="775"><subfield code="t">Rochester daily Republican (Rochester, Ind. : 1881)</subfield><subfield code="w">(DLC)sn 87055120</subfield><subfield code="w">(OCoLC)15112547</subfield></datafield><datafield ind1="1" ind2=" " tag="775"><subfield code="t">Rochester daily Republican (Rochester, Ind. :1886)</subfield><subfield code="w">(DLC)sn 87055120</subfield><subfield code="w">(OCoLC)15112345</subfield></datafield><datafield ind1="0" ind2="0" tag="780"><subfield code="t">Rochester independent (Rochester, Ind.)</subfield><subfield code="w">(DLC)sn 87055103</subfield><subfield code="w">(OCoLC)15106532</subfield></datafield><datafield ind1="0" ind2="0" tag="785"><subfield code="t">Rochester weekly republican (Rochester, Ind. : 1889)</subfield><subfield code="w">(DLC)sn 87055098</subfield><subfield code="w">(OCoLC)15112508</subfield></datafield></record>